@article{miller1,
  title     = {Electric-field dependence of linear optical properties in quantum well structures: Waveguide electroabsorption and sum rules},
  author    = {D. Miller and J. Weiner and D. Chemla},
  journal   = {IEEE J. Quantum Electron.}, % Abbreviated journal name
  volume    = {2},
  number    = {9},
  pages     = {1816--1830}, % Double hyphens
  year      = {1986}
}

@article{miller2,
  title     = {Band-Edge Electroabsorption in Quantum Well Structures: The Quantum-Confined Stark Effect},
  author    = {D.A.B. Miller and D. S. Chemla and T. C. Damen},
  journal   = {Physical Review Letters},
  volume    = {53},
  pages     = {2173},
  year      = {1984}
}

@article{mohseni1,
  title     = {Enhanced Electro-Optic Effect in GaInAsP-InP Three-Step Quantum Wells},
  author    = {H. Mohseni and H. An and Z. A. Shellenbarger and M. H. Kwakernaak and J. H. Abeles},
  journal   = {Applied Physics Letters},
  volume    = {84},
  number    = {11},
  pages     = {1823-25},
  year      = {2004}
}

@book{datta1,
  title     = {Quantum Transport: Atom to Transistor},
  author    = {S. Datta},
  year      = {2005},
  publisher = {Cambridge University Press},
  address   = {Cambridge},
  pages     = {404}
}

@book{fedotkin1,
  title     = {Математическое моделирование технологических процессов: Учебное пособие},
  author    = {И.М. Федоткин},
  year      = {2015},
  publisher = {Книжный дом <<Либроком>>},
  address   = {Москва},
  pages     = {416}
}

@phdthesis{pavlichenko1,
    author      = {И.А. Павличенко},
    title       = {Поверхностные и объемные плазмоны, возбуждаемые в наноразмерных структурах лазерными импульсами и потоками заряженных частиц},
    institution = {НГУ им. Лобачевского},
    address   = {Нижний Новгород},
    year        = {2015},
}

@article{skubachevskii1,
  title     = {Уравнения Власова–Пуассона для двукомпонентной плазмы в однородном магнитном поле},
  author    = {А. Л. Скубачевский},
  journal   = {Успехи математических наук},
  volume    = {69},
  number    = {2},
  pages     = {107-148},
  year      = {2014}
}
--Мои статьи
@article{balakirev1,
  author    = {С. В. Балакирев and Д. В. Кириченко and Н. Е. Черненко and Н. А. Шандыба and М. М. Еременко and М. С. Солодовник},
  title     = {Многостадийная капельная эпитаксия для формирования квантовых точек InAs/GaAs со сверхнизкой плотностью},
  journal   = {Научно-технические ведомости СПбГПУ. Физико-математические науки},
  year      = {2022},
}

@article{balakirev2,
  author    = {С. В. Балакирев and Д. В. Кириченко and Н. А. Шандыба and Н. Е. Черненко and М. С. Солодовник},
  title     = {Капельная эпитаксия селективно-позиционированных наноструктур In/GaAs(001) с переменным дистанцированием: эксперимент и моделирование},
  journal   = {Научно-технические ведомости СПбГПУ. Физико-математические науки},
  year      = {2023},
}

@article{gurioli1,
  author    = {Massimo Gurioli and Zhiming Wang and Armando Rastelli and Takashi Kuroda and Stefano Sanguinetti},
  title     = {Droplet epitaxy of semiconductor nanostructures for quantum photonic devices},
  journal   = {Nature Materials},
  year      = {2019},
  pages     = {799--810},
}

@article{ponomarenko1,
  author    = {Vladimir P. Ponomarenko and Victor Popov and Ivan Shuklov and Victor V. Ivanov and Vladimir F. Razumov},
  title     = {Photosensors based on colloidal quantum dots},
  journal   = {Russian Chemical Reviews}, % Fixed typo
  year      = {2024},
  volume    = {93},
  number    = {4},
  pages     = {...} % Add pages if known
}

@article{Zhang1,
  author    = {Ya Huang and Baoshun Wang and Fengxiang Chen and Ying Han},
  title     = {Orbital Angular Momentum Multiplexing via Concentric Quantum Ring Antennas.},
  journal   = {Advanced Optical Materials},
  year      = {2022},
  volume    = {10},       
  number    = {5},
}

@article{Alfieri1,
  author    = {Adam Alfieri and Surendra B. Anantharaman and Huiqin Zhang and Deep Jariwala},
  title     = {Nanomaterials for Quantum Information Science and Engineering},
  journal   = {Advanced Materials}, % Fixed typo
  year      = {2023},
  volume    = {35},
  number    = {27},
  pages     = {...} % Add pages
}

@article{Shwartz1,
  author    = {Nataliya L. Shwartz and Maxim A. Vasilenko and Alla G. Nastovjak and Igor G. Neizvestny}, % Removed extra space
  title     = {Concentric GaAs nanorings formation by droplet epitaxy — Monte Carlo simulation},
  journal   = {Computational Materials Science},
  year      = {2018},
  volume    = {141},
  pages     = {91--100} % Double hyphens
}

@article{Balakirev3,
  author    = {Sergey V. Balakirev and Natalia E. Chernenko and Mikhail M. Eremenko and Oleg A. Ageev and Maxim S. Solodovnik},
  title     = {Independent Control Over Size and Surface Density of Droplet Epitaxial Nanostructures Using Ultra-Low Arsenic Fluxes},
  journal   = {Nanomaterials},
  year      = {2021},
  volume    = {11},
}

@article{Gajjela1,
  author    = {Raja S R Gajjela and Niels R S van Venrooij and Adonai R da Cruz and Joanna Skiba-Szymanska and R Mark Stevenson and Andrew J Shields and Craig E Pryor and Paul M Koenraad},
  title     = {Study of Size, Shape, and Etch pit formation in InAs/InP Droplet Epitaxy Quantum Dots},
  journal   = {Nanotechnology},
  year      = {2022},
  volume    = {33},
}

@article{Xinlei1,
  author    = {Xinlei Li},
  title     = {The structural symmetry of nanoholes upon droplet epitaxy},
  journal   = {Nanotechnology},
  year      = {2021},
  volume    = {32},
}

@article{Wang1,
  author    = {Yi Wang and ...}, % Replace "et al" with full list
  title     = {Effect of initial crystallization temperature and surface diffusion on formation of GaAs multiple concentric nanoring structures by droplet epitaxy},
  journal   = {Chinese Physics B},
  year      = {2020},
  volume    = {29},
  pages     = {...} % Add pages
}

@article{Zhou1,
  author    = {Z. Y. Zhou and C. X. Zheng and W. X. Tang and J. Tersoff and D. E. Jesson},
  title     = {Origin of Quantum Ring Formation During Droplet Epitaxy},
  journal   = {Physical Review Letters},
  year      = {2013},
  volume    = {111},
}
-----------------------------
@article{zhou2013,
  author    = {Z. Y. Zhou and C. X. Zheng and W. X. Tang and J. Tersoff and D. E. Jesson},
  title     = {Origin of Quantum Ring Formation During Droplet Epitaxy},
  journal   = {Physical Review Letters},
  volume    = {111},
  number    = {3},
  pages     = {036102},
  year      = {2013},
  doi       = {10.1103/PhysRevLett.111.036102}
}

@article{jin2010,
  author    = {C. Jin and J. Li and J. Wang and K. Wang and H. Guo},
  title     = {Electronic states and Aharonov-Bohm oscillations in quantum rings},
  journal   = {Applied Physics Letters},
  volume    = {97},
  number    = {2},
  pages     = {023107},
  year      = {2010},
  doi       = {10.1063/1.3462464}
}

@article{rastelli2004,
  author    = {A. Rastelli and S. Kiravittaya and O. G. Schmidt},
  title     = {Shape transition of self-organized InAs/GaAs quantum dots into rings by partial capping and annealing},
  journal   = {Applied Physics Letters},
  volume    = {85},
  number    = {22},
  pages     = {5165--5167},
  year      = {2004},
  doi       = {10.1063/1.1815024}
}

@article{koguchi1991,
  author    = {N. Koguchi and S. Takahashi and T. Chikyow},
  title     = {New MBE growth method for InSb quantum well boxes},
  journal   = {Japanese Journal of Applied Physics},
  volume    = {30},
  number    = {8A},
  pages     = {L532--L535},
  year      = {1991},
  doi       = {10.1143/JJAP.30.L532}
}

@article{sibirmovskiy2014,
  author    = {Ю. Д. Сибирмовский and И. С. Васильевский and А. Н. Виниченко and И. С. Еремин and Н. И. Каргин},
  title     = {Особенности диффузионных процессов при капельной эпитаксии квантовых колец},
  journal   = {Краткие сообщения по физике ФИАН},
  year      = {2014},
  number    = {9},
  pages     = {3--8}
}

@article{reis2020,
  author    = {F. Reis and S. Kiravittaya and O. G. Schmidt},
  title     = {Control of droplet epitaxy by dynamic flux modulation},
  journal   = {Nano Research},
  volume    = {13},
  number    = {12},
  pages     = {3211--3219},
  year      = {2020},
  doi       = {10.1007/s12274-020-3055-x}
}

@article{gurioli2021,
  author    = {Massimo Gurioli and Zhiming Wang and Armando Rastelli and Takashi Kuroda and Stefano Sanguinetti},
  title     = {Droplet Epitaxy of Semiconductor Nanostructures for Quantum Photonic Devices},
  journal   = {arXiv preprint},
  year      = {2021},
  eprint    = {2103.15083},
  archivePrefix = {arXiv},
  primaryClass = {cond-mat.mes-hall}
}

@phdthesis{sibirmovskiy2018,
  author = {Сибирмовский Ю. Д.},
  title = {Механизмы формирования, оптические и электронные транспортные свойства ансамблей квантовых колец GaAs/AlGaAs},
  school = {НИЯУ МИФИ},
  year = {2018},
  type = {Кандидатская диссертация}
}

@article{elborg2017,
  author    = {Elborg, M. and others},
  title     = {Self-assembly of vertically aligned quantum ring-dot structure by multiple droplet epitaxy},
  journal   = {Journal of Crystal Growth},
  volume    = {468},
  pages     = {515--520},
  year      = {2017},
  doi       = {10.1016/j.jcrysgro.2017.03.023}
}

@article{vasilevskiy2013,
  author = {И. С. Васильевский and А. Н. Виниченко and И. С. Еремин and Ю. Д. Сибирмовский},
  title = {Капельная эпитаксия квантовых колец в системе GaAs/AlGaAs: эксперимент и модель},
  journal = {Вестник НИЯУ МИФИ},
  volume = {2},
  pages = {267--274},
  year = {2013}
}

@article{zhou2013,
  author = {Z. Y. Zhou and C. X. Zheng and W. X. Tang and J. Tersoff and D. E. Jesson},
  title = {Origin of Quantum Ring Formation During Droplet Epitaxy},
  journal = {Physical Review Letters},
  volume = {111},
  number = {3},
  pages = {036102},
  year = {2013},
  doi = {10.1103/PhysRevLett.111.036102}
}

@article{fan2023,
  author = {Zheng Fan and Lei Ma},
  title = {Droplet nanofluidic transport and shape evolution for III–V nanostructures},
  journal = {arXiv preprint},
  year = {2023},
  eprint = {2302.05953},
  archivePrefix = {arXiv},
  primaryClass = {cond-mat.mtrl-sci}
}

@article{wang2022,
  author = {Yun-Ran Wang and Im Sik Han and Mark Hopkinson},
  title = {Fabrication of quantum dot and ring arrays by direct laser interference patterning for nanophotonics},
  journal = {Nanophotonics},
  volume = {12},
  number = {8},
  pages = {1469--1477},
  year = {2022},
  doi = {10.1515/nanoph-2022-0584}
}

@article{mano2005nano,
  author = {T. Mano and T. Kuroda and S. Sanguinetti and T. Ochiai and T. Tateno and J. Kim and T. Noda and M. Kawabe and N. Koguchi},
  title = {Self-assembly of concentric quantum double rings},
  journal = {Nano Letters},
  volume = {5},
  number = {3},
  pages = {425--428},
  year = {2005},
  doi = {10.1021/nl048192+}
}

@article{koguchi2005growth,
  author = {N. Koguchi and T. Mano},
  title = {Droplet epitaxy method for formation of quantum dot and ring structures},
  journal = {Journal of Crystal Growth},
  volume = {278},
  pages = {108--112},
  year = {2005},
  doi = {10.1016/j.jcrysgro.2004.12.054}
}

@article{fan2023,
  author = {Zheng Fan and Lei Ma},
  title = {Droplet nanofluidic transport and shape evolution for III–V nanostructures},
  journal = {arXiv preprint},
  year = {2023},
  eprint = {2302.05953},
  archivePrefix = {arXiv},
  primaryClass = {cond-mat.mtrl-sci}
}

@article{venrooij2023,
  author = {N. R. S. van Venrooij and A. R. da Cruz and R. S. R. Gajjella and P. M. Koenraad and C. E. Pryor and M. E. Flatté},
  title = {Fine structure splitting cancellation in highly asymmetric InAs/InP droplet epitaxy quantum dots},
  journal = {arXiv preprint},
  year = {2023},
  eprint = {2309.15062},
  archivePrefix = {arXiv},
  primaryClass = {cond-mat.mes-hall}
}

@article{bejan2024,
  author = {Doina Bejan and Cristina Stan},
  title = {Geometry-Tuned Optical Absorption Spectra of the Coupled Quantum Dot–Double Quantum Ring Structure},
  journal = {Nanomaterials},
  volume = {14},
  number = {16},
  pages = {1337},
  year = {2024},
  doi = {10.3390/nano14161337}
}

@article{nurzal2023,
  author = {Nurzal, M. and Yamada, T. and Miyake, H.},
  title = {Droplet epitaxy of InGaN quantum dots on Si (111) by plasma-assisted molecular beam epitaxy},
  journal = {Discover Nano},
  volume = {18},
  number = {1},
  pages = {1--10},
  year = {2023},
  doi = {10.1186/s11671-023-03844-2}
}

@article{dubrovskii2021,
  author = {Heyn, Ch. and Feddersen, J. and Dubrovskii, V.G.},
  title = {Modeling of Al and Ga Droplet Nucleation during Droplet Epitaxy or Droplet Etching},
  journal = {Nanomaterials},
  volume = {11},
  number = {2},
  pages = {468},
  year = {2021},
  doi = {10.3390/nano11020468}
}

@article{shwartz2018,
  author = {Shwartz, A. and Krasheninnikov, A. V. and Kovalchuk, A. V. and Toropov, A. A.},
  title = {Concentric GaAs nanorings formation by droplet epitaxy—Monte Carlo simulation},
  journal = {Journal of Crystal Growth},
  volume = {497},
  pages = {7--13},
  year = {2018},
  doi = {10.1016/j.jcrysgro.2018.06.032}
}

@article{vasilenko2015,
  author = {Vasilenko, A. A. and Krasheninnikov, A. V. and Kovalchuk, A. V. and Toropov, A. A.},
  title = {Simulation of quantum ring formation in GaAs droplet epitaxy using kinetic Monte Carlo method},
  journal = {Semiconductors},
  volume = {49},
  number = {6},
  pages = {751--756},
  year = {2015},
  doi = {10.1134/S1063782615060230}
}

@article{reyes2013,
  author = {Reyes, K. and Smereka, P. and Nothern, D. and Millunchick, J. M. and Bietti, S. and Somaschini, C. and Sanguinetti, S. and Frigeri, C.},
  title = {A unified model of droplet epitaxy for compound semiconductor nanostructures: experiments and theory},
  journal = {Journal of Applied Physics},
  volume = {113},
  number = {13},
  pages = {134302},
  year = {2013},
  doi = {10.1063/1.4798633}
}

@article{reyes2013_1,
  author = {Reyes, K. and Smereka, P. and Nothern, D. and Millunchick, J. M. and Bietti, S. and Somaschini, C. and Sanguinetti, S. and Frigeri, C.},
  title = {Unified model of droplet epitaxy for compound semiconductor nanostructures: Experiments and theory},
  journal = {Physical Review B},
  volume = {87},
  number = {16},
  pages = {165406},
  year = {2013},
  doi = {10.1103/PhysRevB.87.165406}
}

@article{bietti2020,
  author = {Bietti, S. and Basso Basset, F. and Tuktamyshev, A. and Bonera, E. and Fedorov, A. and Sanguinetti, S.},
  title = {High–temperature droplet epitaxy of symmetric GaAs/AlGaAs quantum dots},
  journal = {Scientific Reports},
  volume = {10},
  pages = {6532},
  year = {2020},
  doi = {10.1038/s41598-020-62248-9}
}

@article{aboubakri2021,
  author    = {Akam Aboubakri and Cenk Yanik and Yigit Akkus and Ali Sadaghiani},
  title     = {Numerical and Experimental Investigation on Evaporation of Water Droplet on Surfaces With Mixed Wettability},
  journal   = {Journal of Heat Transfer Engineering},
  year      = {2021},
  doi       = {10.1080/01457632.2021.1880432}
}

@book{leveque2007,
  author    = {Randall J. LeVeque},
  title     = {Finite Difference Methods for Ordinary and Partial Differential Equations},
  publisher = {SIAM},
  year      = {2007},
  address   = {Philadelphia},
  isbn      = {978-0-898716-29-0}
}